<?xml version="1.0" encoding="UTF-8"?><collection xmlns="http://www.loc.gov/MARC21/slim"><record><leader>00786nam--2200193-i-4500</leader><controlfield tag="001">000032170</controlfield><controlfield tag="002">20161230</controlfield><controlfield tag="005">20161230201039</controlfield><controlfield tag="008">060222s1000------------r-----000-0-eng-d</controlfield><datafield ind1=" " ind2=" " tag="040"><subfield code="a">IFIN-HH</subfield></datafield><datafield ind1=" " ind2=" " tag="080"><subfield code="a">538.9.001</subfield></datafield><datafield ind1="1" ind2=" " tag="100"><subfield code="a">Bennett, L.H</subfield></datafield><datafield ind1="1" ind2="0" tag="245"><subfield code="a">Energy bands in metals and alloys</subfield><subfield code="b">Based on a symposium sponsored by the committee on alloy phases of the institute of metals division of the metallurgical society of american institute of mining, metallurgical, and petroleum engineers los angeles, california, february 1967</subfield><subfield code="c">L.h. bennett, j.t. waber (eds.)</subfield></datafield><datafield ind1=" " ind2=" " tag="260"><subfield code="a">New York</subfield><subfield code="b">Gordon And Breach</subfield><subfield code="c">1968</subfield></datafield><datafield ind1=" " ind2=" " tag="300"><subfield code="a">185P</subfield></datafield><datafield ind1=" " ind2=" " tag="490"><subfield code="a">Metallurgical Society Conferences</subfield><subfield code="v">Volume 45</subfield></datafield><datafield ind1="1" ind2=" " tag="700"><subfield code="a">Waber, J.T</subfield><subfield code="e">Ed</subfield></datafield><datafield ind1=" " ind2=" " tag="852"><subfield code="a">35515</subfield><subfield code="c">539.12.04</subfield></datafield><datafield ind1=" " ind2=" " tag="CAT"><subfield code="a">Sys</subfield><subfield code="c">20120207</subfield><subfield code="h">124200</subfield></datafield></record></collection>